@article{Guerzoni2016,
    title = {{Analysis of end-to-end multi-domain management and orchestration frameworks for software defined infrastructures: an architectural survey}},
    year = {2017},
    journal = {Transactions on Emerging Telecommunications Technologies},
    author = {Guerzoni, Riccardo and Vaishnavi, Ishan and Perez Caparros, David and Galis, Alex and Tusa, Francesco and Monti, Paolo and Sganbelluri, Andrea and Bicz{\'{o}}k, Gergely and Sonkoly, Balasz and Toka, Laszlo and Ramos, Aurora and Meli{\'{a}}n, Javier and Dugeon, Olivier and Cugini, Filippo and Martini, Barbara and Iovanna, Paola and Giuliani, Giovanni and Figueiredo, Ricardo and Contreras-Murillo, Luis Miguel and Bernardos, Carlos J. and Santana, Cristina and Szabo, Robert},
    number = {4},
    month = {4},
    pages = {e3103},
    volume = {28},
    url = {http://doi.wiley.com/10.1002/ett.3103},
    isbn = {1424403553},
    doi = {10.1002/ett.3103},
    issn = {21613915},
    arxivId = {arXiv:1307.8198v1}
}

@inproceedings{Campbell1992,
    title = {{A continuous media transport and orchestration service}},
    year = {1992},
    booktitle = {Conference proceedings on Communications architectures {\&} protocols - SIGCOMM '92},
    author = {Campbell, Andrew and Coulson, Geoff and Garc{\'{i}}a, Francisco and Hutchison, David},
    pages = {99--110},
    publisher = {ACM Press},
    url = {http://dl.acm.org/citation.cfm?id=144253%5Cnhttp://portal.acm.org/citation.cfm?doid=144179.144253 http://portal.acm.org/citation.cfm?doid=144179.144253},
    address = {New York, NY, USA},
    isbn = {0897915259},
    doi = {10.1145/144179.144253}
}

@article{surveySDN,
    title = {{Software-Defined Networking: A Comprehensive Survey}},
    year = {2015},
    journal = {Proceedings of the IEEE},
    author = {Kreutz, Diego and Ramos, Fernando M V and Esteves Verissimo, Paulo and Esteve Rothenberg, Christian and Azodolmolky, Siamak and Uhlig, Steve},
    number = {1},
    month = {1},
    pages = {14--76},
    volume = {103},
    url = {http://ieeexplore.ieee.org/document/6994333/},
    doi = {10.1109/JPROC.2014.2371999},
    issn = {0018-9219}
}

@article{openFlow,
    title = {{OpenFlow}},
    year = {2008},
    journal = {ACM SIGCOMM Computer Communication Review},
    author = {McKeown, Nick and Anderson, Tom and Balakrishnan, Hari and Parulkar, Guru and Peterson, Larry and Rexford, Jennifer and Shenker, Scott and Turner, Jonathan},
    number = {2},
    month = {3},
    pages = {69},
    volume = {38},
    publisher = {ACM},
    url = {http://portal.acm.org/citation.cfm?doid=1355734.1355746},
    address = {New York, NY, USA},
    doi = {10.1145/1355734.1355746},
    issn = {01464833},
    keywords = {ethernet switch, flow-based, virtualization}
}

@inproceedings{song2013protocol,
    title = {{Protocol-oblivious forwarding}},
    year = {2013},
    booktitle = {Proceedings of the second ACM SIGCOMM workshop on Hot topics in software defined networking - HotSDN '13},
    author = {Song, Haoyu},
    pages = {127},
    publisher = {ACM Press},
    url = {http://dl.acm.org/citation.cfm?doid=2491185.2491190},
    organization = {ACM},
    address = {New York, NY, USA},
    isbn = {9781450321785},
    doi = {10.1145/2491185.2491190}
}

@article{pentikousis2013mobileflow,
    title = {{Mobileflow: Toward software-defined mobile networks}},
    year = {2013},
    journal = {IEEE Communications Magazine},
    author = {Pentikousis, Kostas and Wang, Yan and Hu, Weihua},
    number = {7},
    month = {7},
    pages = {44--53},
    volume = {51},
    publisher = {IEEE},
    url = {http://ieeexplore.ieee.org/document/6553677/},
    doi = {10.1109/MCOM.2013.6553677},
    issn = {0163-6804}
}

@inproceedings{onix,
    title = {{Onix: A Distributed Control Platform for Large-scale Production Networks.}},
    year = {2010},
    booktitle = {Operating Systems Design and Implementation - OSDI},
    author = {Koponen, Teemu and Casado, Martin and Gude, Natasha and Stribling, Jeremy and Poutievski, Leon and Zhu, Min and Ramanathan, Rajiv and Iwata, Yuichiro and Inoue, Hiroaki and Hama, Takayuki and Shenker, Scott},
    pages = {1--6},
    volume = {10}
}

@book{richardson2008restful,
    title = {{RESTful web services}},
    year = {2008},
    author = {Richardson, Leonard and Ruby, Sam},
    publisher = {" O'Reilly Media, Inc."}
}

@inproceedings{koponen2014network,
    title = {{Network Virtualization in Multi-tenant Datacenters}},
    year = {2014},
    booktitle = {NSDI},
    author = {Koponen, Teemu and Amidon, Keith and Balland, Peter and Casado, Mart\'\in and Chanda, Anupam and Fulton, Bryan and Ganichev, Igor and Gross, Jesse and Ingram, Paul and Jackson, Ethan J and {others}},
    pages = {203--216},
    volume = {14}
}

@article{gude2008nox,
 author = {Gude, Natasha and Koponen, Teemu and Pettit, Justin and Pfaff, Ben and Casado, Mart\'{\i}n and McKeown, Nick and Shenker, Scott},
 title = {NOX: Towards an Operating System for Networks},
 journal = {SIGCOMM Comput. Commun. Rev.},
 issue_date = {July 2008},
 volume = {38},
 number = {3},
 month = jul,
 year = {2008},
 issn = {0146-4833},
 pages = {105--110},
 numpages = {6},
 url = {http://doi.acm.org/10.1145/1384609.1384625},
 doi = {10.1145/1384609.1384625},
 acmid = {1384625},
 publisher = {ACM},
 address = {New York, NY, USA},
 keywords = {architecture, management, network, security},
}



@misc{Foundation,
    title = {{Open Orchestrator}},
    author = {{Linux Foundation}},
    url = {https://www.open-o.org/}
}

@misc{Foundationb,
    title = {{Heat - OpenStack}},
    author = {Foundation, OpenStack},
    url = {https://wiki.openstack.org/wiki/Heat}
}

@misc{Telefonica,
    title = {{OpenMANO}},
    author = {{Telefonica}},
    url = {https://github.com/nfvlabs/openmano}
}

@techreport{Doria2010,
    title = {{RFC 5810: Forwarding and Control Element Separation (ForCES) Protocol Specification}},
    year = {2010},
    author = {Doria, A. and Salim, J. and Haas, R. and Khosravi, H. and Wang, W. and Gopal, R. and Halpern, J.},
    pages = {1--124},
    url = {https://tools.ietf.org/html/rfc5810}
}

@misc{OpenStackFoundation2016,
    title = {{Tacker - OpenStack}},
    year = {2016},
    author = {{OpenStack Foundation}},
    url = {https://wiki.openstack.org/wiki/Tacker}
}

@misc{GigaSpaces2015,
    title = {{Cloudify}},
    year = {2015},
    author = {{GigaSpaces}},
    url = {http://cloudify.co/}
}

@article{Sotomayor2009,
    title = {{Virtual Infrastructure Management in Private and Hybrid Clouds}},
    year = {2009},
    journal = {IEEE Internet Computing},
    author = {Sotomayor, Borja and Montero, Rubén S. and Llorente, Ignacio M. and Foster, Ian},
    number = {5},
    month = {9},
    pages = {14--22},
    volume = {13},
    url = {http://ieeexplore.ieee.org/document/5233608/},
    isbn = {1089-7801},
    doi = {10.1109/MIC.2009.119},
    issn = {1089-7801},
    keywords = {Cloud computing, Distributed systems, Virtual machines}
}

@article{Leavitt2009,
    title = {{Is Cloud Computing Really Ready for Prime Time?}},
    year = {2009},
    journal = {Computer},
    author = {Leavitt, Neal},
    number = {1},
    month = {1},
    pages = {15--20},
    volume = {42},
    url = {http://ieeexplore.ieee.org/document/4755149/},
    isbn = {0018-9162},
    doi = {10.1109/MC.2009.20},
    issn = {0018-9162}
}

@inproceedings{Abosi2011,
    title = {{Service Oriented Resource Orchestration in Future Optical Networks}},
    year = {2011},
    booktitle = {2011 Proceedings of 20th International Conference on Computer Communications and Networks (ICCCN)},
    author = {Abosi, Chinwe E. and Nejabati, Reza and Simeonidou, Dimitra},
    month = {7},
    pages = {1--6},
    publisher = {IEEE},
    url = {http://ieeexplore.ieee.org/lpdocs/epic03/wrapper.htm?arnumber=6005932 http://ieeexplore.ieee.org/document/6005932/},
    isbn = {978-1-4577-0637-0},
    doi = {10.1109/ICCCN.2011.6005932},
    issn = {10952055}
}

@inproceedings{Giotis2015,
    title = {{Policy-based orchestration of NFV services in Software-Defined Networks}},
    year = {2015},
    booktitle = {Proceedings of the 2015 1st IEEE Conference on Network Softwarization (NetSoft)},
    author = {Giotis, K. and Kryftis, Y. and Maglaris, V.},
    month = {4},
    pages = {1--5},
    publisher = {IEEE},
    url = {http://ieeexplore.ieee.org/document/7116145/},
    isbn = {978-1-4799-7899-1},
    doi = {10.1109/NETSOFT.2015.7116145},
    keywords = {CDN, NFV, OpenFlow, Policy-based Management, SDN, Service Chains}
}

@article{Bernardos20155GInfrastructures,
    title = {{5G Exchange (5GEx) – Multi-domain Orchestration for Software Defined Infrastructures}},
    year = {2015},
    author = {Bernardos, Carlos J and Dugeon, Olivier and Galis, Alex and Morris, Donal and Simon, Csaba}
}

@article{Sdxcentral20162016:,
    title = {{2016 Mega NFV Report Pt . 1 :}},
    year = {2016},
    author = {{Sdxcentral}},
    url = {https://www.sdxcentral.com/wp-content/uploads/2016/04/SDxCentral-Mega-NFV-Report-Part-1-MANO-and-NFVI-2016-B.pdf}
}

@article{Le2016SurveyNetworks,
    title = {{Survey of Promising Technologies for 5G Networks}},
    year = {2016},
    journal = {Mobile Information Systems},
    author = {Le, Nam Tuan and Hossain, Mohammad Arif and Islam, Amirul and Kim, Do-yun and Choi, Young-June and Jang, Yeong Min},
    pages = {1--25},
    volume = {2016},
    url = {https://www.hindawi.com/journals/misy/2016/2676589/},
    doi = {10.1155/2016/2676589},
    issn = {1574-017X}
}

@inproceedings{Katsalis2016Multi-DomainDirections,
    title = {{Multi-Domain Orchestration for NFV: Challenges and Research Directions}},
    year = {2016},
    booktitle = {2016 15th International Conference on Ubiquitous Computing and Communications and 2016 International Symposium on Cyberspace and Security (IUCC-CSS)},
    author = {Katsalis, Kostas and Nikaein, Navid and Edmonds, Andy},
    month = {12},
    pages = {189--195},
    publisher = {IEEE},
    url = {http://ieeexplore.ieee.org/document/7828601/},
    isbn = {978-1-5090-5566-1},
    doi = {10.1109/IUCC-CSS.2016.034},
    keywords = {-nfv, cloud computing, orchestration, sdn, wire-}
}

@techreport{BalazsPeterGeroETHFrancescoTusaUCLRiccardoGuerzoniHWDUHakonLonsethagenTNOGeorgeDarzanosAUEBManosDramitinosAUEBIoannaPapafiliAUEBGeorgeD.StamoulisAUEBBalazsSonkolyBMEGergelyBiczokBMEMarcoDiGir20165G-Ex2.1,
    title = {{5G-Ex 5G Exchange Internal Report 2.1}},
    year = {2016},
    author = {Bal{\'{a}}zs P{\'{e}}ter Ger{\"{o}} (ETH), Francesco Tusa (UCL), Riccardo Guerzoni (HWDU), Hakon Lonsethagen (TNO), George Darzanos (AUEB), Manos Dramitinos (AUEB), Ioanna Papafili (AUEB), George D. Stamoulis (AUEB), Balazs Sonkoly (BME), Gergely Bicz{\'{o}}k (BME), Marco Di Gir, Alex Galis (UCL)}
}

@article{Rotsos2017NetworkSurvey,
    title = {{Network service orchestration standardization: A technology survey}},
    year = {2017},
    journal = {Computer Standards {\&} Interfaces},
    author = {Rotsos, Charalampos and King, Daniel and Farshad, Arsham and Bird, Jamie and Fawcett, Lyndon and Georgalas, Nektarios and Gunkel, Matthias and Shiomoto, Kohei and Wang, Aijun and Mauthe, Andreas and Race, Nicholas and Hutchison, David},
    month = {11},
    pages = {203--215},
    volume = {54},
    publisher = {Elsevier},
    url = {http://www.sciencedirect.com/science/article/pii/S0920548916302458},
    doi = {10.1016/j.csi.2016.12.006},
    issn = {09205489},
    keywords = {NFV, Network Service, Orchestration, SDN, Standardization}
}

@article{NGMNAlliance20155GPaper,
    title = {{5G White Paper}},
    year = {2015},
    journal = {Next Generation Mobile Networks, White paper},
    author = {{NGMN Alliance}},
    pages = {1--125},
    url = {https://www.ngmn.org/uploads/media/NGMN_5G_White_Paper_V1_0_01.pdf}
}

@inproceedings{Rostami2016Multi-Domain5G,
    title = {{Multi-Domain Orchestration across RAN and Transport for 5G}},
    year = {2016},
    booktitle = {Proceedings of the 2016 conference on ACM SIGCOMM 2016 Conference - SIGCOMM '16},
    author = {Rostami, Ahmad and {\"{O}}hl{\'{e}}n, Peter and Santos, Mateus Augusto Silva and Vidal, Allan},
    pages = {613--614},
    publisher = {ACM Press},
    url = {http://dl.acm.org/citation.cfm?doid=2934872.2959073},
    address = {New York, NY, USA},
    isbn = {9781450341936},
    doi = {10.1145/2934872.2959073},
    keywords = {5g, multi-domain orchestration, network slicing, sdn}
}

@inproceedings{Bohn2011NISTArchitecture,
    title = {{NIST Cloud Computing Reference Architecture}},
    year = {2011},
    booktitle = {2011 IEEE World Congress on Services},
    author = {Bohn, Robert B. and Messina, John and Liu, Fang and Tong, Jin and Mao, Jian},
    month = {7},
    pages = {594--596},
    publisher = {IEEE},
    url = {http://ieeexplore.ieee.org/document/6012797/},
    isbn = {978-1-4577-0879-4},
    doi = {10.1109/SERVICES.2011.105},
    keywords = {Cloud computing, Component, Federal Government, Reference architecture}
}

@inproceedings{Galis2009ManagementInternet,
    title = {{Management and service-aware networking architectures (MANA) for future Internet}},
    year = {2009},
    booktitle = {2009 Fourth International Conference on Communications and Networking in China},
    author = {Galis, Alex and Abramowicz, Henrik and Brunner, Marcus and Raz, Danny and Chemouil, Prosper and Butler, Joe and Polychronopoulos, Costas and Clayman, Stuart and de Meer, Hermann and Coupaye, Thierry and Pras, Aiko and Sabnani, Krishan and Massonet, Philippe and Naqvi, Syed},
    month = {8},
    pages = {1--13},
    publisher = {IEEE},
    url = {http://ieeexplore.ieee.org/document/5339964/},
    isbn = {978-1-4244-4337-6},
    doi = {10.1109/CHINACOM.2009.5339964},
    keywords = {Future internet, Management, Position paper, Service-aware networking}
}

@article{Thyagaturu2016SoftwareSurvey,
    title = {{Software Defined Optical Networks (SDONs): A Comprehensive Survey}},
    year = {2016},
    journal = {IEEE Communications Surveys {\&} Tutorials},
    author = {Thyagaturu, Akhilesh S. and Mercian, Anu and McGarry, Michael P. and Reisslein, Martin and Kellerer, Wolfgang},
    number = {4},
    pages = {2738--2786},
    volume = {18},
    url = {http://arxiv.org/abs/1511.04376 http://ieeexplore.ieee.org/document/7503119/},
    isbn = {4809658325},
    doi = {10.1109/COMST.2016.2586999},
    issn = {1553-877X},
    arxivId = {1511.04376}
}

@techreport{MetroEthernetForum2014VisionStrategy,
    title = {{Vision and Strategy}},
    year = {2014},
    author = {{Metro Ethernet Forum}},
    number = {November},
    pages = {1--17}
}

@techreport{Chappell2015WhiteNETCONF/YANG,
    title = {{White Paper: Deploying Virtual Network Functions: The Complementary Roles of TOSCA {\&} NETCONF/YANG}},
    year = {2015},
    author = {Chappell, Caroline},
    number = {February}
}

@article{Guerzoni2016Multi-domainApproach,
    title = {{Multi-domain Orchestration and Management of Software Defined Infrastructures: a Bottom-Up Approach}},
    year = {2016},
    journal = {EUCNC - Europe Conference on Networks and Communications},
    author = {Guerzoni, R and Caparros, D Perez and Monti, P and Giuliani, G and Melian, J and Figueiredo, R and Ramos, A and Bernardos, C J and Sonkoly, B and Tusa, F and Galis, A and Vaishnavi, I and Ubaldi, F and Sgambelluri, A and Santana, C and Szabo, R},
    pages = {3--8},
    keywords = {5g network architecture, network, orchestration}
}

@article{Panwar2016ACommunication,
    title = {{A survey on 5G: The next generation of mobile communication}},
    year = {2016},
    journal = {Physical Communication},
    author = {Panwar, Nisha and Sharma, Shantanu and Singh, Awadhesh Kumar},
    month = {3},
    pages = {64--84},
    volume = {18},
    url = {http://linkinghub.elsevier.com/retrieve/pii/S1874490715000531},
    doi = {10.1016/j.phycom.2015.10.006},
    issn = {18744907},
    arxivId = {1511.01643},
    keywords = {Cloud radio access networks, Cognitive radio networks, D2D communication, Dense deployment, Multi-tier heterogeneous network, Tactile Internet}
}

@article{Peltz2003WebChoreography,
    title = {{Web services orchestration and choreography}},
    year = {2003},
    journal = {Computer},
    author = {Peltz, Chris},
    number = {10},
    month = {10},
    pages = {46--52},
    volume = {36},
    url = {http://ieeexplore.ieee.org/document/1236471/},
    isbn = {0018-9162 VO - 36},
    doi = {10.1109/MC.2003.1236471},
    issn = {0018-9162}
}

@article{Mijumbi2016NetworkChallenges,
    title = {{Network Function Virtualization: State-of-the-Art and Research Challenges}},
    year = {2016},
    journal = {IEEE Communications Surveys {\&} Tutorials},
    author = {Mijumbi, Rashid and Serrat, Joan and Gorricho, Juan-luis and Bouten, Niels and De Turck, Filip and Boutaba, Raouf},
    number = {1},
    pages = {236--262},
    volume = {18},
    url = {http://ieeexplore.ieee.org/document/7243304/},
    doi = {10.1109/COMST.2015.2477041},
    issn = {1553-877X},
    arxivId = {arXiv:1509.07675v1}
}

@phdthesis{Alvizu2016AdvanceEra,
    title = {{Advance Optical Routing Techniques in the Software Defined Era}},
    year = {2016},
    author = {Alvizu, Rodolfo},
    pages = {157},
    url = {http://hdl.handle.net/10589/131914%0A},
    school = {Politecnico di Milano},
    keywords = {SDN, T-SDN, dynamic routing, multipath routing, operational research, optical networks, orchestration}
}

@incollection{Rosa2014NetworkDesafios,
    title = {{Network Function Virtualization: Perspectivas, Realidades e Desafios}},
    year = {2014},
    booktitle = {Minicurso do 32{\textordmasculine} Simp{\'{o}}sio Brasileiro de Redes de Computadores e Sistemas Distribu{\'{i}}dos – SBRC 2014},
    author = {Rosa, Raphael Vicente and Esteve, Christian and Unicamp, Rothenberg and Barea, Emerson and Ufscar, Cesar Augusto and Cavalheiro, Marcondes},
    url = {http://www2.dc.ufscar.br/~marcondes/MC-NFV.pdf}
}

@techreport{Bernardos2016Multi-domainVirtualization,
    title = {{Multi-domain Network Virtualization}},
    year = {2016},
    booktitle = {Internet-Draft},
    author = {Bernardos, Carlos J. and Contreras-Murillo, Luis Miguel and Vaishnavi, Ishan},
    pages = {1--15},
    url = {https://tools.ietf.org/pdf/draft-bernardos-nfvrg-multidomain-01.pdf}
}

@inproceedings{Kuklinski2016DesignOrchestrators,
    title = {{Design principles of generalized network orchestrators}},
    year = {2016},
    booktitle = {2016 IEEE International Conference on Communications Workshops (ICC)},
    author = {Kuklinski, Slawomir and Dinh, Khoa Truong and Destre, Christian and Ben Yahia, Imen Grida},
    month = {5},
    pages = {430--435},
    publisher = {IEEE},
    url = {http://ieeexplore.ieee.org/document/7503825/},
    isbn = {978-1-5090-0448-5},
    doi = {10.1109/ICCW.2016.7503825},
    keywords = {clouds, management, network, nfv, orchestration, sdn, service chaining}
}

@article{YongLi2015Software-DefinedSurvey,
    title = {{Software-Defined Network Function Virtualization: A Survey}},
    year = {2015},
    journal = {IEEE Access},
    author = {{Yong Li} and {Min Chen}},
    pages = {2542--2553},
    volume = {3},
    url = {http://ieeexplore.ieee.org/document/7350211/},
    doi = {10.1109/ACCESS.2015.2499271},
    issn = {2169-3536}
}

@phdthesis{Capdevila2017Titol:SFC,
    title = {{T{\'{i}}tol: Desplegament d'escenaris NFV i SFC}},
    year = {2017},
    author = {Capdevila, Pau and Director, Pujol and Rivera, David Rincón},
    url = {https://upcommons.upc.edu/bitstream/handle/2117/101879/memoria_v2.pdf}
}

@inproceedings{Sonkoly2015Multi-DomainClouds,
    title = {{Multi-Domain Service Orchestration Over Networks and Clouds}},
    year = {2015},
    booktitle = {Proceedings of the 2015 ACM Conference on Special Interest Group on Data Communication - SIGCOMM '15},
    author = {Sonkoly, Balázs and Czentye, János and Szabo, Robert and Jocha, Dávid and Elek, János and Sahhaf, Sahel and Tavernier, Wouter and Risso, Fulvio},
    pages = {377--378},
    publisher = {ACM Press},
    url = {http://dl.acm.org/citation.cfm?doid=2785956.2790041},
    address = {New York, New York, USA},
    isbn = {9781450335423},
    doi = {10.1145/2785956.2790041},
    keywords = {multi-domain orchestration, nfv, sdn, sfc control plane}
}

@inproceedings{Sonkoly2014UNIFYingView,
    title = {{UNIFYing Cloud and Carrier Network Resources: An Architectural View}},
    year = {2014},
    booktitle = {2015 IEEE Global Communications Conference (GLOBECOM)},
    author = {Sonkoly, Balazs and Szabo, Robert and Jocha, David and Czentye, Janos and Kind, Mario and Westphal, Fritz-Joachim},
    month = {12},
    pages = {1--7},
    publisher = {IEEE},
    url = {http://ieeexplore.ieee.org/lpdocs/epic03/wrapper.htm?arnumber=7417869},
    isbn = {978-1-4799-5952-5},
    doi = {10.1109/GLOCOM.2014.7417869}
}

@misc{BluePlanet2017ProductsOrchestration,
author = {Ciena Corporation},
title = {{Products | Multi-domain Service Orchestration}},
url = {http://www.blueplanet.com/products/multi-domain-service-orchestration.html},
note = {accessed 2017-08-07},
year = {2017}
}

@misc{ETSIOpenMANO,
    title = {{Open Source MANO}},
    author = {{ETSI}},
    url = {https://osm.etsi.org/}
}

@misc{ON.LABONOSScale-out.,
    title = {{ONOS - A new carrier-grade SDN network operating system designed for high availability, performance, scale-out.}},
    author = {{ON.LAB}},
    note = {accessed 2017-08-08},
    url = {http://onosproject.org/}
}

@misc{LinuxFoundationOpenDaylight,
    title = {{OpenDaylight}},
    author = {{Linux Foundation}},
    url = {https://www.opendaylight.org/}
}

@misc{NGMNAllianceNGMNNetworks,
    title = {{NGMN - Next Generation Mobile Networks}},
    author = {{NGMN Alliance}},
    url = {http://www.ngmn.org}
}

@misc{IMT-20205GPromotionGroup20155GArchitecture,
    title = {{5G Network Technology Architecture}},
    year = {2015},
    author = {{IMT-2020 (5G) Promotion Group}},
    url = {http://www.imt-2020.cn/en/documents/download/64}
}

@misc{ATT2016ECOMPPaper,
    title = {{ECOMP ( Enhanced Control , Orchestration , Management {\&} Policy ) Architecture White Paper}},
    year = {2016},
    author = {{AT{\&}T}}
}

@misc{NTTGohanRapidly,
    title = {{Gohan - REST-based api server to evolve your cloud service very rapidly}},
    author = {{NTT Communications}},
    note = {accessed 2017-09-01},
    url = {http://gohan.cloudwan.io/}
}

@techreport{OpenNetworkingFoundation2016FrameworkNetworks,
    title = {{Framework and Architecture for the Application of SDN to Carrier networks}},
    year = {2016},
    author = {{Open Networking Foundation}},
    url = {www.opennetworking.org}
}

@misc{ETSIIndustrySpecificationGroupISGNFV2014NetworkNFV,
    title = {{ETSI GS NFV 003 V1.2.1: Network Functions Virtualisation (NFV); Terminology for Main Concepts in NFV}},
    year = {2014},
    author = {{ETSI Industry Specification Group (ISG) NFV}},
    url = {http://www.etsi.org/deliver/etsi_gs/NFV/001_099/003/01.02.01_60/gs_NFV003v010201p.pdf},
    keywords = {NFV, terminology}
}

@techreport{Halpern2015,
author = {Halpern, J. and Pignataro, C.},
doi = {10.17487/RFC7665},
editor = {Halpern, J. and Pignataro, C.},
file = {::},
month = {oct},
pages = {1--32},
title = {{Service Function Chaining (SFC) Architecture}},
url = {https://datatracker.ietf.org/doc/html/rfc7665 https://www.rfc-editor.org/info/rfc7665},
year = {2015}
}


@techreport{ETSIIndustrySpecificationGroupISGNFV2014NetworkOptions,
    title = {{Network Functions Virtualisation (NFV); Management and Orchestration; Report on Architectural Options}},
    year = {2014},
    author = {{ETSI Industry Specification Group (ISG) NFV}},
    url = {http://www.etsi.org/deliver/etsi_gs/NFV-IFA/001_099/009/01.01.01_60/gs_NFV-IFA009v010101p.pdf},
    keywords = {NFV, architecture, management, orchestration}
}

@inproceedings{ETSI2012NetworkAction,
    title = {{Network Functions Virtualisation: An Introduction, Benefits, Enablers, Challenges {\&} Call for Action}},
    year = {2012},
    booktitle = {SDN and OpenFlow World Congress},
    author = {{ETSI}},
    url = {https://portal.etsi.org/NFV/NFV_White_Paper.pdf}
}

@inproceedings{Vouk2008CloudImplementations,
    title = {{Cloud computing - Issues, research and implementations}},
    year = {2008},
    booktitle = {Proceedings of the International Conference on Information Technology Interfaces, ITI},
    author = {Vouk, Mladen A.},
    pages = {31--40},
    isbn = {9789537138127},
    doi = {10.1109/ITI.2008.4588381},
    issn = {13301012},
    pmid = {20926156},
    arxivId = {hep-th/0307245},
    keywords = {"Cloud" computing, End-to-end quality of service, Utility computing, Virtual computing lab, Virtualization}
}

@article{Mell2011TheTechnology,
    title = {{The NIST Definition of Cloud Computing Recommendations of the National Institute of Standards and Technology}},
    year = {2011},
    journal = {Nist Special Publication},
    author = {Mell, Peter and Grance, Timothy},
    pages = {7},
    volume = {145},
    isbn = {1047-6210},
    doi = {10.1136/emj.2010.096966},
    issn = {00845612},
    pmid = {21450758},
    arxivId = {2305-0543},
    keywords = {Cloud Computing, IaaS, Infrastructure as a Service, Measured Service, NIST SP 800-145, On-demand Self Service, PaaS, Platform as a Service, Rapid Elasticity, Reserve Pooling, SaaS, Software as a Service, The NIST Definition of Cloud Computing}
}

@misc{3GPP2016TRSystem,
    title = {{TR 23.799 v1.0.2, Study on architecture for next generation system}},
    year = {2016},
    author = {{3GPP}}
}

@techreport{NGMNAlliance2015NGMNPaper,
    title = {{NGMN 5G White Paper}},
    year = {2015},
    author = {{NGMN Alliance}},
    url = {https://www.ngmn.org/uploads/media/NGMN_5G_White_Paper_V1_0.pdf}
}

@techreport{3GPP2017TRNetwork,
    title = {{TR 28.801: Study on management and orchestration of network slicing for next generation network}},
    year = {2017},
    author = {{3GPP}},
    url = {http://www.3gpp.org/ftp/Specs/html-info/28801.htm}
}

@techreport{InternationalTelecommunicationUnion2014ITU-TNetworking,
    title = {{ITU-T Y.3300: Framework of software-defined networking}},
    year = {2014},
    author = {{International Telecommunication Union}},
    pages = {40},
    keywords = {SDN, software-defined networking}
}

@misc{FP7projectT-NOVAT-NOVAInfrastructures,
    title = {{T-NOVA Project, Network Functions as a Service over Virtualised Infrastructures}},
    author = {{FP7 project T-NOVA}},
    url = {http://www.t-nova.eu/}
}

@misc{OpenNetworkingFoundation2017Intent:BLOG,
    title = {{Intent: What. Not How. | ONF BLOG}},
    year = {2017},
    author = {{Open Networking Foundation}},
    url = {https://www.opennetworking.org/}
}

@misc{NetworkComputing2015SDNsEvolves,
    title = {{SDN's Northbound Interface Evolves}},
    year = {2015},
    booktitle = {October},
    author = {{Network Computing}},
    url = {http://www.networkcomputing.com}
}

@techreport{Davie2013RFCProtocol,
    title = {{RFC 7047: The Open vSwitch Database Management Protocol}},
    year = {2013},
    author = {Davie, B.},
    url = {https://www.ietf.org/rfc/rfc7047.txt}
}

@misc{SDXCentral2014WhatAPIs,
    title = {{What are SDN Southbound APIs?}},
    year = {2014},
    booktitle = {January},
    author = {{SDX Central}},
    url = {https://www.sdxcentral.com/sdn/definitions/southbound-interface-api/}
}

@techreport{ETSIIndustrySpecificationGroupISGNFV2013NetworkFramework,
    title = {{ETSI GS NFV 002 V1.1.1: Network Functions Virtualisation (NFV); Architectural Framework}},
    year = {2013},
    author = {{ETSI Industry Specification Group (ISG) NFV}},
    volume = {11},
    url = {http://www.etsi.org/deliver/etsi_gs/NFV/001_099/002/01.01.01_60/gs_NFV002v010101p.pdf}
}

@article{Verizon2016VerizonArchitecture,
    title = {{Verizon SDN-NFV Reference Architecture}},
    year = {2016},
    author = {{Verizon}},
    url = {http://innovation.verizon.com/content/dam/vic/PDF/Verizon_SDN-NFV_Reference_Architecture.pdf}
}

@inproceedings{Robbins1997ImplementationArchitecture,
    title = {{Implementation and performance issues in an object-oriented orchestration architecture}},
    year = {1997},
    booktitle = {Proceedings of IEEE International Conference on Multimedia Computing and Systems},
    author = {Robbins, Wayne},
    number = {figure 1},
    pages = {628--629},
    publisher = {IEEE Comput. Soc},
    url = {http://ieeexplore.ieee.org/document/609789/},
    isbn = {0-8186-7819-4},
    doi = {10.1109/MMCS.1997.609789}
}

@misc{OpenSpecification,
    title = {{Open Baton: an open source reference implementation of the ETSI Network Function Virtualization MANO specification}},
    url = {http://openbaton.github.io/}
}

@misc{OASIS2017TOSCA1.0,
    title = {{TOSCA Simple Profile for Network Functions Virtualization (NFV)—Version 1.0}},
    year = {2017},
    booktitle = {May, 2017},
    author = {{Organization for the Advancement of Structured Information Standards}},
    url = {http://docs.oasis-open.org/tosca/tosca-nfv/v1.0/tosca-nfv-v1.0.html}
}

@article{2015DeployingSummary,
    title = {{Deploying Virtual Network Functions: The Complementary Roles of TOSCA {\&}amp; NETCONF/YANG Executive Summary}},
    year = {2015},
    url = {www.heavyreading.com www.cisco.com www.alcatel-lucent.com}
}

@misc{CiscoIncNetworkCisco,
    title = {{Network Services Orchestrator Data Sheet - Cisco}},
    author = {{Cisco Inc}},
    url = {https://www.cisco.com/c/en/us/products/collateral/cloud-systems-management/network-services-orchestrator/datasheet-c78-734576.html}
}

@misc{BluePlanet2017BLUESUITE,
    title = {{Blue Planet Software Suite}},
    year = {2017},
    booktitle = {media.ciena.com},
    author = {{BluePlanet}},
    url = {http://media.ciena.com/documents/BP_Blue_Planet_PB.pdf}
}

@misc{HewlettPackardEnterpriseReimaginingNetworks,
    title = {{Reimagining OSS for service agility in hybrid networks}},
    author = {{Hewlett Packard Enterprise}},
    url = {http://h20195.www2.hpe.com/V2/getpdf.aspx/4aa6-3832enw}
}

@misc{OracleCommunicationsOracleSolution,
    title = {{Oracle Communications Network Service Orchestration Solution}},
    author = {{Oracle Communications}},
    url = {http://www.oracle.com/us/industries/communications/network-service-orchestration-ds-2412291.pdf}
}

@misc{EricssonInc.EricssonManager,
    title = {{Ericsson Network Manager}},
    author = {{Ericsson Inc.}},
    url = {https://www.ericsson.com/ourportfolio/it-and-cloud-products/network-manager?nav=productcategory}
}

@techreport{Sdxcentral2016LifecycleOverview,
    title = {{Lifecycle Service Orchestration (LSO) Market Overview}},
    year = {2016},
    author = {{Sdxcentral}}
}

@inproceedings{Devlic2017NESMO:Framework,
    title = {{NESMO: Network slicing management and orchestration framework}},
    year = {2017},
    booktitle = {2017 IEEE International Conference on Communications Workshops (ICC Workshops)},
    author = {Devlic, Alisa and Hamidian, Ali and Liang, Deng and Eriksson, Mats and Consoli, Antonio and Lundstedt, Jonas},
    month = {5},
    pages = {1202--1208},
    publisher = {IEEE},
    url = {http://ieeexplore.ieee.org/document/7962822/},
    isbn = {978-1-5090-1525-2},
    doi = {10.1109/ICCW.2017.7962822}
}

@article{Vilalta2016SDNServices,
    title = {{SDN / NFV Orchestration of Multi-technology and Multi-domain Networks in Cloud / Fog Architectures for 5G Services}},
    year = {2016},
    journal = {2016 21st OptoElectronics and Communications Conference (OECC) held jointly with 2016 International Conference on Photonics in Switching (PS)},
    author = {Vilalta, Ricard and Mayoral, Arturo and Casellas, Ramon and Mart{\'{i}}nez, Ricardo and Mu{\~{n}}oz, Raul},
    pages = {1--3},
    volume = {1},
    url = {http://ieeexplore.ieee.org/document/7718525/},
    isbn = {9784885523052},
    keywords = {5g, cloud, fog, iot, nfv, orchestration, sdn, transport networks}
}

@article{Evans2011TheEverything,
    title = {{The Internet of Things - How the Next Evolution of the Internet is Changing Everything}},
    year = {2011},
    journal = {CISCO white paper},
    author = {Evans, Dave},
    number = {April},
    pages = {1--11},
    url = {http://scholar.google.com/scholar?hl=en&btnG=Search&q=intitle:The+Internet+of+Things+-+How+the+Next+Evolution+of+the+Internet+is+Changing+Everything#0},
    isbn = {9783540787303},
    doi = {10.1109/IEEESTD.2007.373646},
    issn = {09598138},
    pmid = {9329309},
    arxivId = {arXiv:1011.1669v3}
}

@article{Garay2016ServiceForward,
    title = {{Service description in the NFV revolution: Trends, challenges and a way forward}},
    year = {2016},
    journal = {IEEE Communications Magazine},
    author = {Garay, Jokin and Matias, Jon and Unzilla, Juanjo and Jacob, Eduardo},
    number = {3},
    month = {3},
    pages = {68--74},
    volume = {54},
    url = {http://ieeexplore.ieee.org/document/7432174/},
    doi = {10.1109/MCOM.2016.7432174},
    issn = {0163-6804}
}

@inproceedings{Arfaoui2017SecurityDirections,
    title = {{Security and Resilience in 5G: Current Challenges and Future Directions}},
    year = {2017},
    booktitle = {2017 IEEE Trustcom/BigDataSE/ICESS},
    author = {Arfaoui, Ghada and Vilchez, Jose Manuel Sanchez and Wary, Jean-philippe},
    month = {8},
    pages = {1010--1015},
    publisher = {IEEE},
    url = {http://ieeexplore.ieee.org/document/8029548/},
    isbn = {978-1-5090-4906-6},
    doi = {10.1109/Trustcom/BigDataSE/ICESS.2017.345}
}

@article{Ordonez-Lucena2017NetworkChallenges,
    title = {{Network Slicing for 5G with SDN/NFV: Concepts, Architectures and Challenges}},
    year = {2017},
    journal = {IEEE Communications Magazine},
    author = {Ordonez-Lucena, Jose and Ameigeiras, Pablo and Lopez, Diego and Ramos-Munoz, Juan J and Lorca, Javier and Folgueira, Jesus},
    month = {3},
    url = {https://arxiv.org/pdf/1703.04676.pdf http://arxiv.org/abs/1703.04676 http://dx.doi.org/10.1109/MCOM.2017.1600935},
    doi = {10.1109/MCOM.2017.1600935},
    arxivId = {1703.04676},
    keywords = {NFV, Network Slicing, SDN, – 5G}
}

@misc{ETSIGSPractises,
    title = {{GS NFV-PER 001 - V1.1.1: Network Functions Virtualisation (NFV) NFV Performance {\&}amp; Portability Best Practises}},
    author = {{ETSI Industry Specification Group (ISG) NFV}},
    year = {2014},
    url = {http://www.etsi.org/deliver/etsi_gs/NFV-PER/001_099/001/01.01.01_60/gs_nfv-per001v010101p.pdf}
}

@article{Mijumbi2016ManagementVirtualizationb,
    title = {{Management and orchestration challenges in network functions virtualization}},
    year = {2016},
    journal = {IEEE Communications Magazine},
    author = {Mijumbi, Rashid and Serrat, Joan and Gorricho, Juan-luis and Latre, Steven and Charalambides, Marinos and Lopez, Diego},
    number = {1},
    month = {1},
    pages = {98--105},
    volume = {54},
    url = {http://ieeexplore.ieee.org/document/7378433/},
    doi = {10.1109/MCOM.2016.7378433},
    issn = {0163-6804}
}

@misc{ON.LABOpenCORD,
    title = {{Open CORD}},
    author = {{ON.LAB}},
    url = {https://opencord.org/}
}

@article{Cotroneo2017NFV-Throttle:Virtualization,
    title = {{NFV-Throttle: An Overload Control Framework for Network Function Virtualization}},
    year = {2017},
    journal = {IEEE Transactions on Network and Service Management},
    author = {Cotroneo, Domenico and Natella, Roberto and Rosiello, Stefano},
    number = {c},
    pages = {1--14},
    volume = {4537},
    doi = {10.1109/TNSM.2017.2752173},
    issn = {19324537},
    keywords = {Cloud Computing, IP Multimedia Subsystem., NFVIaaS, Network Function Virtualization, Overload Control, VNFaaS}
}

@inproceedings{Carapinha2016VNFaaSOrchestration,
    title = {{VNFaaS with End-to-End Full Service Orchestration}},
    year = {2016},
    booktitle = {2016 Fifth European Workshop on Software-Defined Networks (EWSDN)},
    author = {Carapinha, Jorge and Di Girolamo, Marco and Monteleone, Giuseppe and Ramos, Aurora and Xilouris, George},
    month = {10},
    pages = {57--58},
    publisher = {IEEE},
    url = {http://ieeexplore.ieee.org/document/7956054/},
    isbn = {978-1-5090-6146-4},
    doi = {10.1109/EWSDN.2016.19},
    keywords = {appliances which best match, as well as negotiate, be charged under, customers can browse and, nfaas, nfv, select the, services and the virtual, t-nova, the associated slas and, their needs, via the marketplace, virtualisation, vnf}
}

@inproceedings{Abu-Lebdeh2016AServices,
    title = {{A Virtual Network PaaS for 3GPP 4G and Beyond Core Network Services}},
    year = {2016},
    booktitle = {2016 5th IEEE International Conference on Cloud Networking (Cloudnet)},
    author = {Abu-Lebdeh, Mohammad and Yangui, Sami and Naboulsi, Diala and Glitho, Roch and Tchouati, Constant Wette},
    month = {10},
    pages = {7--13},
    publisher = {IEEE},
    url = {http://ieeexplore.ieee.org/document/7776568/},
    isbn = {978-1-5090-5093-2},
    doi = {10.1109/CloudNet.2016.31},
    keywords = {Cloud Computing, HSS, NFV, PaaS, VNPaaS}
}

@inproceedings{Figueira2015,
abstract = {This paper proposes a hierarchical Software- Defined Networking (SDN) Multi-Domain Orchestration and Control architectural framework to address complex multi-tier governance domain deployments by Carriers, Service Providers (SP), Cloud Service Providers (CSP), large Enterprises, and Network Functions Virtualization (NFV) Infrastructure/Platform as a Service (NFVIaaS/NFVPaaS) providers. The proposed framework allows for simpler networking control and orchestration, more agile development processes, accelerated pace of innovation, and increased speed of deployment, while improving scalability and configuration automation as compared to existing frameworks.},
author = {Figueira, Norival and Krishnan, Ram Ramki},
booktitle = {2015 International Conference on Computing, Networking and Communications (ICNC)},
doi = {10.1109/ICCNC.2015.7069378},
file = {:C$\backslash$:/Users/natha/AppData/Local/Mendeley Ltd./Mendeley Desktop/Downloaded/Figueira, Krishnan - 2015 - SDN Multi-Domain Orchestration and Control Challenges and innovative future directions.pdf:pdf},
isbn = {978-1-4799-6959-3},
issn = {1932-4537},
keywords = {Cloud,Controller,Data Center,Hierarchical,Multi-Domain,NFV,Orchestration,Policy,SDN,Service Provider,WAN},
mendeley-groups = {Doutorado/Survey - Orchestration},
month = {feb},
pages = {406--412},
publisher = {IEEE},
title = {{SDN Multi-Domain Orchestration and Control: Challenges and innovative future directions}},
url = {http://ieeexplore.ieee.org/document/7069378/ http://ieeexplore.ieee.org/document/8038073/},
year = {2015}
}

@article{Gubbi2013InternetDirections,
    title = {{Internet of Things (IoT): A vision, architectural elements, and future directions}},
    year = {2013},
    journal = {Future Generation Computer Systems},
    author = {Gubbi, Jayavardhana and Buyya, Rajkumar and Marusic, Slaven and Palaniswami, Marimuthu},
    number = {7},
    pages = {1645--1660},
    volume = {29},
    publisher = {Elsevier B.V.},
    url = {http://dx.doi.org/10.1016/j.future.2013.01.010},
    isbn = {0167739X},
    doi = {10.1016/j.future.2013.01.010},
    issn = {0167739X},
    pmid = {20120930},
    arxivId = {1207.0203},
    keywords = {Cloud computing, Internet of Things, RFID Smart environments, Ubiquitous sensing, Wireless sensor networks}
}

@inproceedings{Consel2017InternetOrchestration,
    title = {{Internet of Things: From Small- to Large-Scale Orchestration}},
    year = {2017},
    booktitle = {2017 IEEE 37th International Conference on Distributed Computing Systems (ICDCS)},
    author = {Consel, Charles and Kabac, Milan},
    month = {6},
    pages = {1748--1755},
    publisher = {IEEE},
    url = {http://ieeexplore.ieee.org/document/7980112/},
    isbn = {978-1-5386-1792-2},
    doi = {10.1109/ICDCS.2017.314},
    keywords = {Domain-specific languages, Internet of things, MapReduce, Orchestration, Programming frameworks}
}

@article{Wen2017FogServices,
    title = {{Fog orchestration for Internet of Things services}},
    year = {2017},
    journal = {IEEE Internet Computing},
    author = {Wen, Zhenyu and Yang, Renyu and Garraghan, Peter and Lin, Tao and Xu, Jie and Rovatsos, Michael},
    number = {2},
    pages = {16--24},
    volume = {21},
    isbn = {10897801 (ISSN)},
    doi = {10.1109/MIC.2017.36},
    issn = {10897801},
    keywords = {Internet of Things, Internet/Web technologies, IoT, distributed systems, fog computing, fog orchestration}
}

@techreport{ETSIISGNFVGSMetrics,
    title = {{GS NFV-INF 010 - V1.1.1: Network Functions Virtualisation (NFV); Service Quality Metrics}},
    author = {{ETSI Industry Specification Group (ISG) NFV}},
    pages = {2014--12},
    volume = {11},
    url = {http://www.etsi.org/deliver/etsi_gs/NFV-INF/001_099/010/01.01.01_60/gs_NFV-INF010v010101p.pdf}
}

@techreport{ETSIISGNFV2014GSGuidance,
    title = {{GS NFV-SEC 003 - V1.1.1: Network Functions Virtualisation (NFV); NFV Security; Security and Trust Guidance}},
    year = {2014},
    author = {{ETSI Industry Specification Group (ISG) NFV}},
    url = {http://www.etsi.org/deliver/etsi_gs/NFV-SEC/001_099/003/01.01.01_60/gs_NFV-SEC003v010101p.pdf}
}

@techreport{ETSIISGNFV2016GRGuidance,
    title = {{GR NFV-SEC 003 - V1.2.1: Network Functions Virtualisation (NFV); NFV Security; Security and Trust Guidance}},
    year = {2016},
    author = {{ETSI Industry Specification Group (ISG) NFV}},
    url = {http://www.etsi.org/standards-search}
}

@techreport{ETSIISGNFV2014GSArchitecture,
    title = {{GS NFV-SWA 001 - V1.1.1: Network Functions Virtualisation (NFV); Virtual Network Functions Architecture}},
    year = {2014},
    author = {{ETSI Industry Specification Group (ISG) NFV}},
    url = {http://www.etsi.org/deliver/etsi_gs/NFV-SWA/001_099/001/01.01.01_60/gs_NFV-SWA001v010101p.pdf}
}

@techreport{ETSIISGNFV2017GSSpecification,
    title = {{GS NFV-IFA 010 - V2.3.1: Network Functions Virtualisation (NFV) Release 2; Management and Orchestration; Functional requirements specification}},
    year = {2017},
    author = {{ETSI Industry Specification Group (ISG) NFV}},
    url = {http://www.etsi.org/deliver/etsi_gs/NFV-IFA/001_099/010/02.03.01_60/gs_NFV-IFA010v020301p.pdf}
}

@techreport{ETSIISGNFV2017GSSpecificationc,
    title = {{GS NFV-IFA 013 - V2.3.1: Network Functions Virtualisation (NFV) Release 2;  Management and Orchestration; Os-Ma-Nfvo reference point -  Interface and Information Model Specification}},
    year = {2017},
    author = {{ETSI Industry Specification Group (ISG) NFV}},
    url = {http://www.etsi.org/standards-search}
}

@techreport{ETSIISGNFV2017GSSpecificationd,
    title = {{GS NFV-IFA 014 - V2.3.1: Network Functions Virtualisation (NFV) Release 2; Management and Orchestration; Network Service Templates Specification}},
    year = {2017},
    author = {{ETSI Industry Specification Group (ISG) NFV}},
    url = {http://www.etsi.org/standards-search}
}

@techreport{ETSIISGNFV2017GR3,
    title = {{GR NFV-IFA 023 - V3.1.1: Network Functions Virtualisation (NFV); Management and Orchestration; Report on Policy Management in MANO Release 3}},
    year = {2017},
    author = {{ETSI Industry Specification Group (ISG) NFV}},
    url = {http://www.etsi.org/standards-search}
}

@misc{ITUITU:World,
    title = {{ITU: Committed to connecting the world}},
    author = {{International Telecommunication Union}},
    url = {http://www.itu.int/home/}
}

@article{ITU-T2015FGAnalysis,
    title = {{FG IMT-2020: Report on Standards Gap Analysis}},
    year = {2015},
    author = {{ITU Telecommunication Standardization}},
    url = {https://www.ietf.org/lib/dt/documents/LIAISON/liaison-2016-02-26-itu-t-sg-13-ietf-ls-on-report-on-standard-gap-analysis-from-itu-t-focus-group-on-imt-2020-and-on-extension-of-lifetime-of-focus-g-attachment-2.pdf}
}

@article{ITU-R2015RecommendationBeyond,
    title = {{Recommendation ITU-R M.2083-0: IMT Vision – Framework and overall objectives of the future development of IMT for 2020 and beyond}},
    year = {2015},
    author = {{ITU Radiocommunication}},
    url = {https://www.itu.int/dms_pubrec/itu-r/rec/m/R-REC-M.2083-0-201509-I!!PDF-E.pdf}
}

@misc{OASIS2013Topology1.0,
    title = {{Topology and Orchestration Specification for Cloud Applications Version 1.0}},
    year = {2013},
    author = {{Organization for the Advancement of Structured Information Standards}},
    url = {http://docs.oasis-open.org/tosca/TOSCA/v1.0/TOSCA-v1.0.html}
}

@misc{OASIS2017TOSCA1.2,
    title = {{TOSCA Simple Profile in YAML Version 1.2}},
    year = {2017},
    author = {{Organization for the Advancement of Structured Information Standards}},
    url = {http://docs.oasis-open.org/tosca/TOSCA-Simple-Profile-YAML/v1.2/TOSCA-Simple-Profile-YAML-v1.2.html}
}

@techreport{ITU-T2017RecommendationRequirements,
    title = {{Recommendation ITU-T Y.3110: IMT-2020 network management and orchestration requirements}},
    year = {2017},
    author = {{ITU Telecommunication Standardization}},
    url = {http://handle.itu.int/11.1002/1000/13350},
    institution = {ITU-T}
}

@techreport{ITU-T2017RecommendationNetwork,
    title = {{Recommendation ITU-T Y.3100: Terms and definitions for IMT-2020 network}},
    year = {2017},
    author = {{ITU Telecommunication Standardization}},
    url = {http://handle.itu.int/11.1002/1000/13349}
}

@techreport{ITU-T2017RecommendationFramework,
    title = {{Recommendation ITU-T Y.3111: IMT-2020 network management and orchestration framework}},
    year = {2017},
    author = {{ITU Telecommunication Standardization}},
    url = {http://handle.itu.int/11.1002/1000/13351}
}

@techreport{ITU-T2017ITU-TIMT-2020,
    title = {{ITU-T Y-series Recommendations – Supplement 44: Standardization and open source activities related to network softwarization of IMT-2020}},
    year = {2017},
    author = {ITU Telecommunication Standardization}},
    url = {http://handle.itu.int/11.1002/1000/13353}
}

@techreport{2016TR-526Slicing,
    title = {{TR-526: Applying SDN Architecture to 5G Slicing}},
    year = {2016},
    author = {Open Networking Foundation},
    url = {https://www.opennetworking.org/images/stories/downloads/sdn-resources/technical-reports/Applying_SDN_Architecture_to_5G_Slicing_TR-526.pdf}
}

@techreport{2015TR-518NFV,
    title = {{TR-518: Relationship of SDN and NFV}},
    year = {2015},
    author = {Open Networking Foundation},
    url = {https://www.opennetworking.org/images/stories/downloads/sdn-resources/technical-reports/onf2015.310_Architectural_comparison.08-2.pdf}
}

@techreport{ONF2017Orchestration:View,
    title = {{TR-540: Orchestration: A More Holistic View}},
    year = {2017},
    author = {{ONF}},
    url = {www.opennetworking.org}
}

@misc{TMForumZOOMProject,
    title = {{ZOOM Project}},
    author = {{TM Forum}},
    url = {https://www.tmforum.org/collaboration/zoom-project/}
}

@misc{5g-TransformerProject20175GVerticals,
    title = {{5G Mobile Transport Platform for Verticals}},
    year = {2017},
    author = {{H2020 5G-TRANSFORMER Project}},
    url = {http://5g-transformer.eu/}
}

@inproceedings{Draxler2017SONATA:Networksb,
    title = {{SONATA: Service programming and orchestration for virtualized software networks}},
    year = {2017},
    booktitle = {2017 IEEE International Conference on Communications Workshops (ICC Workshops)},
    author = {Draxler, Sevil and Karl, Holger and Peuster, Manuel and Kouchaksaraei, Hadi Razzaghi and Bredel, Michael and Lessmann, Johannes and Soenen, Thomas and Tavernier, Wouter and Mendel-Brin, Sharon and Xilouris, George},
    month = {5},
    pages = {973--978},
    publisher = {IEEE},
    url = {http://arxiv.org/abs/1605.05850 http://ieeexplore.ieee.org/document/7962785/},
    isbn = {978-1-5090-1525-2},
    doi = {10.1109/ICCW.2017.7962785},
    arxivId = {1605.05850}
}

@techreport{SONATAProject2016D2.3Design,
    title = {{D2.3 Updated Requirements and Architecture Design}},
    year = {2016},
    author = {{SONATA Consortium}}
}

@techreport{SONATAProject2015D2.2Design,
    title = {{D2.2 Architecture Design}},
    year = {2015},
    author = {{SONATA Consortium}}
}

@techreport{H20205G-TRANSFORMERProject2017InitialRoadmap,
    title = {{Initial Communication, Dissemination, and Exploitation Plan (CoDEP) draft including Standardization roadmap}},
    year = {2017},
    author = {{H2020 5G-TRANSFORMER Project}},
    url = {http://5g-transformer.eu/wp-content/uploads/2017/12/Initial_CoDEP_draft_including_Standardization_roadmap.pdf}
}

@article{Kourtis2017T-NOVA:Infrastructures,
    title = {{T-NOVA: An Open-Source MANO Stack for NFV Infrastructures}},
    year = {2017},
    journal = {IEEE Transactions on Network and Service Management},
    author = {Kourtis, Michail-Alexandros and McGrath, Michael J. and Gardikis, Georgios and Xilouris, Georgios and Riccobene, Vincenzo and Papadimitriou, Panagiotis and Trouva, Eleni and Liberati, Francesco and Trubian, Marco and Batalle, Josep and Koumaras, Harilaos and Dietrich, David and Ramos, Aurora and Ferrer Riera, Jordi and Bonnet, Jose and Pietrabissa, Antonio and Ceselli, Alberto and Petrini, Alessandro},
    number = {3},
    month = {9},
    pages = {586--602},
    volume = {14},
    url = {http://ieeexplore.ieee.org/document/7997799/},
    doi = {10.1109/TNSM.2017.2733620},
    issn = {1932-4537},
    keywords = {DPDK, EPA, Monitoring, NFV, Rervice mapping, Resource management, SDN}
}

@techreport{T-NOVAD2.1:Requirements,
    title = {{D2.1: System Use Cases and Requirements}},
    author = {{FP7 project T-NOVA}},
    url = {http://www.t-nova.eu/wp-content/uploads/2014/11/TNOVA_D2.1_Use_Cases_and_Requirements.pdf}
}

@article{Karakus2017QualitySurvey,
    title = {{Quality of Service (QoS) in Software Defined Networking (SDN): A survey}},
    year = {2017},
    journal = {Journal of Network and Computer Applications},
    author = {Karakus, Murat and Durresi, Arjan},
    number = {December 2016},
    pages = {200--218},
    volume = {80},
    publisher = {Elsevier},
    url = {http://dx.doi.org/10.1016/j.jnca.2016.12.019},
    doi = {10.1016/j.jnca.2016.12.019},
    issn = {10848045},
    keywords = {OpenFlow, QoS, Quality of service, SDN, Software defined networking, Survey}
}

@article{5GPPPArchitectureWorkingGroup2016ViewArchitecture,
    title = {{View on 5G Architecture}},
    year = {2016},
    journal = {White paper},
    author = {{5G PPP Architecture Working Group}},
    number = {July},
    doi = {10.13140/RG.2.1.3815.7049}
}

@misc{Opensource.comFourOpensource.com,
    title = {{Four ways to organize as an open source community | Opensource.com}},
    author = {{Opensource.com}},
    url = {https://opensource.com/business/13/6/four-types-organizational-structures-within-open-source-communities}
}

@misc{LinuxFoundation,
author = {{Linux Foundation}},
title = {{OPNFV - Open Platform for NFV}},
url = {https://www.opnfv.org/},
note = {accessed 2018-01-13}
}

@techreport{Israel2017OSMOverviewb,
    title = {{OSM Release Three: A Technical Overview}},
    year = {2017},
    author = {Israel, Adam and Hoban, Adrian and Tierno, Alfonso and Salguero, Francisco and Blas, Gerardo and Kashalkar, Kiran and Ceppi, Marco and Shuttleworth, Mark and Harper, Matt and Marchetti, Michael and Velandy, Rajesh and Almagia, Silvia and Little, Vanessa},
    number = {October},
    url = {https://osm.etsi.org/images/OSM-Whitepaper-TechContent-ReleaseTHREE-FINAL.PDF},
    institution = {ETSI}
}

@techreport{ETSIGRDomains,
    title = {{GR NFV-IFA 028 - V3.1.1: Network Functions Virtualisation (NFV) Release 3; Management and Orchestration; Report on architecture options to support multiple administrative domains}},
    author = {{ETSI Industry Specification Group (ISG) NFV}},
    url = {http://www.etsi.org/deliver/etsi_gr/NFV-IFA/001_099/028/03.01.01_60/gr_NFV-IFA028v030101p.pdf},
    keywords = {MANO, NFV, architecture, management, orchestration}
}

@techreport{ETSINetworkFramework,
    title = {{ETSI GS NFV-EVE 005 V1.1.1: Network Functions Virtualisation (NFV); Ecosystem; Report on SDN Usage in NFV Architectural Framework}},
    author = {{ETSI Industry Specification Group (ISG) NFV}},
    pages = {1--125},
    url = {http://www.etsi.org/deliver/etsi_gs/NFV- EVE/001_099/005/01.01.01_60/gs_nfv-eve005v010101p.pdf},
    institution = {ETSI}
}

@INPROCEEDINGS{5600764, 
author={T. Wu and L. Rui and A. Xiong and S. Guo}, 
booktitle={2010 6th International Conference on Wireless Communications Networking and Mobile Computing (WiCOM)}, 
title={An Automation PCI Allocation Method for eNodeB and Home eNodeB Cell}, 
year={2010}, 
volume={}, 
number={}, 
pages={1-4}, 
keywords={cellular radio;mobility management (mobile radio);ACPIAS framework;HeNB cell;LTE network;allocation method;automation PCI allocation system;base station;conflict detection;home eNodeB cell;network maintenance;operation cost reduction;physical cell identifier;policy-based automation PCI allocation;reallocation process;repair process;self-management;telecommunication operator;Automation;Computer architecture;Maintenance engineering;Microprocessors;Multiplexing;Resource management;Telecommunications}, 
doi={10.1109/WICOM.2010.5600764}, 
ISSN={2161-9646}, 
month={Sept},}

@INPROCEEDINGS{8253971, 
author={R. Zhang and F. Yan and W. Xia and S. Xing and Y. Wu and L. Shen}, 
booktitle={GLOBECOM 2017 - 2017 IEEE Global Communications Conference}, 
title={An Optimal Roadside Unit Placement Method for VANET Localization}, 
year={2017}, 
volume={}, 
number={}, 
pages={1-6}, 
keywords={Distance measurement;Estimation;Lattices;Roads;Vehicular ad hoc networks;Wireless sensor networks}, 
doi={10.1109/GLOCOM.2017.8253971}, 
ISSN={}, 
month={Dec},}

@inproceedings{francescon2017x,
  title = {{X-–MANO: Cross–-domain management and orchestration of network services}},
    year = {2017},
    booktitle = {2017 IEEE Conference on Network Softwarization (NetSoft)},
    author = {Francescon, Antonio and Baggio, Giovanni and Fedrizzi, Riccardo and Ferrusy, Ramon and Ben Yahiaz, Imen Grida and Riggio, Roberto},
    month = {7},
    pages = {1--5},
    publisher = {IEEE},
    url = {http://ieeexplore.ieee.org/document/8004223/},
    isbn = {978-1-5090-6008-5},
    doi = {10.1109/NETSOFT.2017.8004223}
}

@inproceedings{iovanna2015effective,
  title={Effective elasticity for data centers interconnection in multi-domain WAN: Information modelling and routing},
  author={Iovanna, Paola and Ubaldi, Fabio and Giurlanda, Francesco and Noto, Sandro and Priola, Alessandro and Contreras, Luis M and Lopez, Victor and Gimenez, Juan Pedro Fernandez-Palacios},
  booktitle={Optical Communication (ECOC), 2015 European Conference on},
  pages={1--3},
  year={2015},
  organization={IEEE}
}

@techreport{GSNFV-MAN001:2014,
author = {{ETSI Industry Specification Group (ISG) NFV}},
file = {::},
title = {{GS NFV-MAN 001 - V1.1.1: Network Functions Virtualisation (NFV); Management and Orchestration}},
url = {http://www.etsi.org/deliver/etsi_gs/NFV-MAN/001_099/001/01.01.01_60/gs_NFV-MAN001v010101p.pdf},
year = {2014}
}

@INPROCEEDINGS{7502419, 
author={J. F. Riera and J. Batallé and J. Bonnet and M. Días and M. McGrath and G. Petralia and F. Liberati and A. Giuseppi and A. Pietrabissa and A. Ceselli and A. Petrini and M. Trubian and P. Papadimitrou and D. Dietrich and A. Ramos and J. Melián and G. Xilouris and A. Kourtis and T. Kourtis and E. K. Markakis}, 
booktitle={2016 IEEE NetSoft Conference and Workshops (NetSoft)}, 
title={TeNOR: Steps towards an orchestration platform for multi-PoP NFV deployment}, 
year={2016}, 
pages={243-250}, 
keywords={computer networks;virtualisation;TeNOR;data models;functional architecture;micro-service based network function virtualisation orchestrator;multi PoP NFV deployment;orchestration platform;resource mapping problem;Cloud computing;Computer architecture;Data models;Databases;Resource management;Standards;Telecommunications;Management and Orchestration;Network service;Service Mapping;Virtual network function}, 
doi={10.1109/NETSOFT.2016.7502419}, 
month={June},}

@misc{onap,
author = {Linux Foundation},
title = {{ONAP -- Open Network Automation Platform}},
url = {https://www.onap.org/},
note = {accessed 2017-09-05},
year = {2017}
}

@misc{onapwiki,
author = {Linux Foundation},
title = {{ONAP Developer Wiki}},
url = {https://wiki.onap.org/},
note = {accessed 2017-09-05},
year = {2017}
}

@misc{onapconvergedigest,
author = {Converge Network Digest},
title = {{The Open Network Automation Platform looks like a turning point for telecom architecture}},
url = {http://www.convergedigest.com/2017/04/the-open-network-automation-platform.html},
note = {accessed 2017-09-05},
year = {2017}
}

@misc{onaplightreading,
author = {Light Reading},
title = {{ONAP Makes Splashy ONS Debut}},
url = {http://www.lightreading.com/nfv/nfv-mano/onap-makes-splashy-ons-debut/d/d-id/731887},
note = {accessed 2017-09-11},
year = {2017}
}

@misc{openbatongit,
author = {Fraunhofer and TU Berlin},
title = {{Open Baton: An open source reference implementation of the ETSI Network Function Virtualization MANO specification}},
url = {http://openbaton.github.io/},
note = {accessed 2017-09-11},
year = {2017}
}

@misc{gohan,
author = {NTT},
title = {{Gohan - REST-based api server to evolve your cloud service very rapidly}},
url = {http://gohan.cloudwan.io/},
note = {accessed 2017-09-14},
year = {2015}
}

@misc{ariatosca,
author = {Apache Software Foundation},
title = {{Apache ARIA TOSCA}},
url = {http://ariatosca.incubator.apache.org/},
note = {accessed 2017-09-21},
year = {2017}
}

@misc{ariatoscacloudify,
author = {Cloudify},
title = {{A Primer on Project ARIA - Simple, Open Source TOSCA-Based Orchestration Engine}},
url = {http://cloudify.co/2016/03/15/cloud-open-networking-summit-nfv-sdn-aria-tosca-application-orchestration-automation.html},
note = {accessed 2017-09-26},
year = {2016}
}

@inproceedings{peterson2015xos,
 author = {Peterson, Larry and Baker, Scott and De Leenheer, Marc and Bavier, Andy and Bhatia, Sapan and Wawrzoniak, Mike and Nelson, Jude and Hartman, John},
 title = {XoS: An Extensible Cloud Operating System},
 booktitle = {Proceedings of the 2Nd International Workshop on Software-Defined Ecosystems},
 series = {BigSystem '15},
 year = {2015},
 isbn = {978-1-4503-3568-3},
 location = {Portland, Oregon, USA},
 pages = {23--30},
 numpages = {8},
 url = {http://doi.acm.org/10.1145/2756594.2756598},
 doi = {10.1145/2756594.2756598},
 acmid = {2756598},
 publisher = {ACM},
 address = {New York, NY, USA},
} 

@misc{xos,
author = {ONOS Project},
title = {{XOS: A Service Abstract Layer for CORD}},
url = {http://xos.wpengine.com/wp-content/uploads/2015/06/Whitepaper-XOS.pdf},
note = {accessed 2017-09-26},
year = {2015}
}

@misc{sonata,
author = {SONATA Consortium},
title = {{SONATA NFV}},
url = {http://www.sonata-nfv.eu},
note = {accessed 2017-10-04},
year = {2016}
}

@misc{vital,
author = {H2020 Vital Project},
title = {{VIrtualized hybrid satellite-TerrestriAl systems for resilient and fLexible future networks}},
url = {http://www.ict-vital.eu/},
note = {accessed 2017-10-09},
year = {2016}
}

@misc{vitalD23,
author = {H2020 Vital Project},
title = {{D2.3 System Architecture: Final Report}},
url = {https://drive.google.com/file/d/0B5yhgJbT3R8kam5DbUM1ZHNSVGs/view},
note = {accessed 2017-12-05},
year = {2016}
}

@article {karl2016devops,
author = {Karl, Holger and Dräxler, Sevil and Peuster, Manuel and Galis, Alex and Bredel, Michael and Ramos, Aurora and Martrat, Josep and Siddiqui, Muhammad Shuaib and van Rossem, Steven and Tavernier, Wouter and Xilouris, George},
title = {DevOps for network function virtualisation: an architectural approach},
journal = {Transactions on Emerging Telecommunications Technologies},
volume = {27},
number = {9},
issn = {2161-3915},
url = {http://dx.doi.org/10.1002/ett.3084},
doi = {10.1002/ett.3084},
pages = {1206--1215},
year = {2016},
note = {ett.3084},
}

@Unpublished{MEF:LSO:2016,
  Title                    = {{Lifecycle Service Orchestration (LSO): Reference Architecture and Framework}},
  Author                   = {{Metro Ethernet Forum}},
  Month                    = {Mar.},
  Year                     = {2016},
  Institution              = {MEF},
  Url                      = {http://dev.mef.net/Assets/Technical_Specifications/PDF/MEF_55.pdf},
  Note     = {Accessed on 2017-10-01}
}

@techreport{MEF:Third:2015,
    title = {{The Third Network: Lifecycle Service Orchestration Vision}},
    month = {February},
    year = {2015},
    author = {{Metro Ethernet Forum}},
    url = {https://www.mef.net/Assets/White_Papers/MEF_Third_Network_LSO_Vision_FINAL.pdf},
    institution = {MEF},
    note = {accessed 2017-10-01}
}

@Unpublished{MEF:SDWAN:2017,
  Title                    = {{Understanding SD-WAN Managed Services}},
  Author                   = {{Metro Ethernet Forum}},
  Month                    = {July},
  Year                     = {2017},
  Institution              = {MEF},
  Url                      = {https://www.mef.net/resources/download?id=45\&fileid=file1},
  Note     = {Accessed on 2017-10-01}
}


@Unpublished{ONF:SDN:2016,
  Title                    = {{TR-521: SDN architecture 1.1}},
  Author                   = {{Open Networking Foundation}},
  Year                     = {2016},
  Institution              = {ONF},
  Url                      = {https://www.opennetworking.org/images/stories/downloads/sdn-resources/technical-reports/TR-521\_SDN\_Architecture\_issue\_1.1.pdf},
  Note     = {Accessed on 2017-10-01}
}

@Unpublished{ONF:Orch:2017,
  Title                    = {{TR-540: Orchestration: A More Holistic View}},
  Author                   = {{Open Networking Foundation}},
  Month                    = {July},
  Year                     = {2017},
  Institution              = {ONF},
  Url                      = {https://www.opennetworking.org/wp-content/uploads/2014/10/TR-540_Orchestration-_A_More_Holistic_View_1.50.47_PM.pdf},
  Note     = {Accessed on 2017-10-01}
}

@Unpublished{ONF:CSO:2017,
  Title                    = {{TR-528: Mapping Cross Stratum Orchestration (CSO) to the SDN architecture}},
  Author                   = {{Open Networking Foundation}},
  Month                    = {March},
  Year                     = {2016},
  Institution              = {ONF},
  Url                      = {https://www.opennetworking.org/wp-content/uploads/2014/10/TR-528\_CSO\_Architecture.pdf}},
  Note     = {Accessed on 2017-10-01}
}


@Unpublished{NGMN:5G:2017,
  Title                    = {{5G Network and Service Management including Orchestration}},
  Author                   = {{NGMN Alliance}},
  Month                    = {March},
  Year                     = {2017},
  Institution              = {NGMN},
  Url                      = {https://www.ngmn.org/uploads/media/170307\_5G\_Network\_and\_Service\_Management\_\_including\_Orchestration\_2.12.7.pdf}},
  Note     = {Accessed on 2017-10-01}
}

@INPROCEEDINGS{7974531, 
author={W. Wang and X. Qiu and L. Sun and R. Zhao}, 
booktitle={2016 IEEE International Conference on Network Infrastructure and Digital Content (IC-NIDC)}, 
title={A data driven orchestration framework in software defined security}, 
year={2016}, 
volume={}, 
number={}, 
pages={34-39}, 
keywords={computer network security;ontologies (artificial intelligence);software defined networking;user interfaces;SDOF;SDS;STIX ontology;data driven orchestration framework;security device orchestration framework;software defined security;structured threat information expression ontology;uniform interfaces;Computer architecture;Computer security;Engines;Real-time systems;Software;Standards;STIX;Security Device Orchestration Framework;Software-Defined Security;cyber threat information;orchestration scenario;uniform interfaces}, 
doi={10.1109/ICNIDC.2016.7974531}, 
ISSN={}, 
month={Sept},}

@INPROCEEDINGS{7846998, 
author={M. Pattaranantakul and R. He and A. Meddahi and Z. Zhang}, 
booktitle={2016 IEEE Trustcom/BigDataSE/ISPA}, 
title={SecMANO: Towards Network Functions Virtualization (NFV) Based Security MANagement and Orchestration}, 
year={2016}, 
volume={}, 
number={}, 
pages={598-605}, 
keywords={authorisation;computer network management;computer network security;virtualisation;NFV;SecMANO;access control;communication networks;computer networks;investment cost saving;network functions virtualization;network service lifecycle management;operational efficiency;resource consumption optimization;security countermeasures;security management;security orchestration;security threats;security vulnerabilities;service orchestration;threat analysis;threat taxonomy;Hardware;Monitoring;Network function virtualization;Security management;Virtual machine monitors;Virtualization;Network Function Virtualization (NFV);Software Define Network (SDN);security management;service orchestration;threat analysis}, 
doi={10.1109/TrustCom.2016.0115}, 
ISSN={}, 
month={Aug},}

@INPROCEEDINGS{7345422, 
author={B. Jaeger}, 
booktitle={2015 IEEE Trustcom/BigDataSE/ISPA}, 
title={Security Orchestrator: Introducing a Security Orchestrator in the Context of the ETSI NFV Reference Architecture}, 
year={2015}, 
volume={1}, 
number={}, 
pages={1255-1260}, 
keywords={cloud computing;computer network security;virtual reality;ETSI NFV management-and-orchestration;ETSI NFV reference architecture;ETSI NFV-MANO;VNF manager;element manager;network function virtualization;security orchestrator;standard IT virtualization technology;telco network element;virtual infrastructure manager;virtual networking;Automation;Cloud computing;Context;Firewalls (computing);Network topology;Virtualization;Network Function Virtualization;Security Orchestrator;Telco Cloud}, 
doi={10.1109/Trustcom.2015.514}, 
ISSN={}, 
month={Aug},}

@inproceedings{elayoubi:hal-01488208,
  TITLE = {{5G innovations for new business opportunities}},
  AUTHOR = {Elayoubi, Salah-Eddine and Bedo, Jean-S{\'e}bastien and Filippou, Miltiades and Gavras, Anastasius and Giustiniano , Domenico  and Iovanna, Paola and Manzalini, Antonio and Queseth, Olav and Rokkas , Theodoros  and Surridge , Mike and Tjelta , Terje},
  URL = {https://hal.inria.fr/hal-01488208},
  BOOKTITLE = {{Mobile World Congress}},
  ADDRESS = {Barcelone, Spain},
  PUBLISHER = {{5G Infrastructure association}},
  YEAR = {2017},
  MONTH = Feb,
  KEYWORDS = {5G network},
  PDF = {https://hal.inria.fr/hal-01488208/file/5GPPP-brochure-final-web.pdf},
  HAL_ID = {hal-01488208},
  HAL_VERSION = {v1},
}

@techreport{EricssonInc.2015,
author = {{Ericsson Inc.}},
file = {:C$\backslash$:/Users/natha/Dropbox/Doutorado - Unicamp/Survey/5g-use-cases.pdf:pdf},
mendeley-groups = {Doutorado/Survey - Orchestration},
title = {{5g Use Cases}},
url = {https://www.ericsson.com/assets/local/news/2015/7/5g-use-cases.pdf},
year = {2015}
}

@online{3gppStudy:2016,
  author = {{3GPP}},
  title = {{Study on Architecture for Next Generation System}},
  year = 2016,
  url = {https://portal.3gpp.org/desktopmodules/Specifications/SpecificationDetails.aspx?specificationId=3008},
  note = {accessed 2017-11-28} 
}

@online{3gppStudy:20171,
  author = {{3GPP TR 28.801 0.4.0}},
  title = {{Study on management and orchestration of network slicing for next generation network}},
  year = 2017,
  url = {http://www.3gpp.org/ftp/Specs/html-info/28801.htm},
  note = {accessed 2017-11-28} 
}

@online{3gppStudy:28800:20171,
  author = {{3GPP TR 28.800 Release 14}},
  title = {{Study on management and orchestration architecture of next generation network and service}},
  year = 2017,
  url = {https://portal.3gpp.org/desktopmodules/Specifications/SpecificationDetails.aspx?specificationId=3090},
  note = {accessed 2017-11-28} 
}

@techreport{3gppStudy:28800:2017,
    title = {{TR 28.800 Release 14: Study on management and orchestration architecture of next generation network and service}},
    year = {2017},
    author = {{3GPP}},
    note = {accessed 2017-11-28},
    url = {http://www.3gpp.org/ftp/Specs/html-info/28800.htm}
}

@techreport{I-D.defoy-netslices-3gpp-network-slicing,
  author = {Xavier de Foy and Akbar Rahman},
  title = {Network Slicing - 3GPP Use Case},
  howpublished = {Working Draft},
  type = {Internet-Draft},
  number = {draft-defoy-netslices-3gpp-network-slicing-02},
  year = {2017},
  month = {October},
  institution = {IETF Secretariat},
  url = {http://www.ietf.org/internet-drafts/draft-defoy-netslices-3gpp-network-slicing-02.txt}
}

@ARTICLE{rostami-ran-transport-17, 
author={A. Rostami and P. Ohlen and K. Wang and Z. Ghebretensae and B. Skubic and M. Santos and A. Vidal}, 
journal={IEEE Communications Magazine}, 
title={Orchestration of RAN and Transport Networks for 5G: An SDN Approach}, 
year={2017}, 
volume={55}, 
number={4}, 
pages={64-70}, 
keywords={5G mobile communication;cooperative communication;radio access networks;software defined networking;telecommunication network planning;5G;RAN;SDN;cooperative cells;mobile networks;radio interfaces;small cell densification;transport networks;5G mobile communication;Base stations;Mobile computing;Optimization;Radio access networks;Software defined networking}, 
doi={10.1109/MCOM.2017.1600119}, 
ISSN={0163-6804}, 
month={April},}

@misc{unify,
author = {FP7 UNIFY},
title = {{UNIFY: Unifying Cloud and Carrier Networks}},
url = {http://www.fp7-unify.eu/},
note = {accessed 2017-12-01},
year = {2013}
}

@article{sonkoly2015multi,
  title={Multi-domain service orchestration over networks and clouds: A unified approach},
  author={Sonkoly, Bal{\'a}zs and Czentye, J{\'a}nos and Szabo, Robert and Jocha, D{\'a}vid and Elek, J{\'a}nos and Sahhaf, Sahel and Tavernier, Wouter and Risso, Fulvio},
  journal={ACM SIGCOMM Computer Communication Review},
  volume={45},
  number={4},
  pages={377--378},
  year={2015},
  publisher={ACM}
}

@inproceedings{csoma2014escape,
 author = {Csoma, Attila and Sonkoly, Bal\'{a}zs and Csikor, Levente and N{\'e}meth, Felici\'{a}n and Gulyas, Andr\`{a}s and Tavernier, Wouter and Sahhaf, Sahel},
 title = {ESCAPE: Extensible Service Chain Prototyping Environment Using Mininet, Click, NETCONF and POX},
 booktitle = {Proceedings of the 2014 ACM Conference on SIGCOMM},
 series = {SIGCOMM '14},
 year = {2014},
 isbn = {978-1-4503-2836-4},
 location = {Chicago, Illinois, USA},
 pages = {125--126},
 numpages = {2},
 url = {http://doi.acm.org/10.1145/2619239.2631448},
 doi = {10.1145/2619239.2631448},
 acmid = {2631448},
 publisher = {ACM},
 address = {New York, NY, USA},
 keywords = {NETCONF, SDN, click, mininet, prototyping, service chain},
} 

@misc{SDNevolution,
author = {{Infonetics Research}},
title = {{The Evolution of SDN and NFV Orchestration}},
url = {https://www.juniper.net/assets/cn/zh/local/pdf/analyst-reports/2000604-en.pdf},
note = {accessed 2018-02-12},
year = {2015}
}

@INPROCEEDINGS{4299349, 
author={N. Fallenbeck and H. J. Picht and M. Smith and B. Freisleben}, 
booktitle={First International Workshop on Virtualization Technology in Distributed Computing (VTDC 2006)}, 
title={Xen and the Art of Cluster Scheduling}, 
year={2006}, 
volume={}, 
number={}, 
pages={4-4}, 
keywords={parallel processing;scheduling;workstation clusters;Sun grid engine scheduling system;Xen;backfilling algorithm;cluster scheduling;dynamic virtual cluster partitions;parallel jobs;paravirtualization technique;runtime prediction;scheduling systems;shared use clusters;Art;Computer science;Concurrent computing;Engines;Job shop scheduling;Mathematics;Processor scheduling;Runtime;Sun;Testing}, 
doi={10.1109/VTDC.2006.18}, 
ISSN={}, 
month={Nov},}

@INPROCEEDINGS{4482796, 
author={J. P. Walters and V. Chaudhary and M. Cha and S. G. Jr. and S. Gallo}, 
booktitle={22nd International Conference on Advanced Information Networking and Applications (aina 2008)}, 
title={A Comparison of Virtualization Technologies for HPC}, 
year={2008}, 
volume={}, 
number={}, 
pages={861-868}, 
keywords={message passing;resource allocation;OpenVZ;VMWare Server;Xen;data center;high performance computing;message passing interface;resource utilization;virtualization technology;Application software;Application virtualization;Benchmark testing;Computer networks;High performance computing;Kernel;Operating systems;Scalability;Virtual machine monitors;Virtual machining;HPC;virtual machines}, 
doi={10.1109/AINA.2008.45}, 
ISSN={1550-445X}, 
month={March},}

@INPROCEEDINGS{6906035, 
author={A. B. S. and H. M. J. and J. P. Martin and S. Cherian and Y. Sastri}, 
booktitle={2014 Fourth International Conference on Advances in Computing and Communications}, 
title={System Performance Evaluation of Para Virtualization, Container Virtualization, and Full Virtualization Using Xen, OpenVZ, and XenServer}, 
year={2014}, 
volume={}, 
number={}, 
pages={247-250}, 
keywords={performance evaluation;virtual machines;virtualisation;OpenVZ;Xen;Xen-PV;XenServer;benchmarking tools;container virtualization;full virtualization;para virtualization;system performance evaluation;virtual machines;virtualization technique;virtualization technology;Containers;Indexes;Operating systems;System performance;Virtual machine monitors;Virtual machining;Virtualization;Container virtualization;Full virtualization;OpenVZ;Para virtualization;Xen;XenServer}, 
doi={10.1109/ICACC.2014.66}, 
ISSN={}, 
month={Aug},}

@ARTICLE{7036139, 
author={J. Hwang and K. K. Ramakrishnan and T. Wood}, 
journal={IEEE Transactions on Network and Service Management}, 
title={NetVM: High Performance and Flexible Networking Using Virtualization on Commodity Platforms}, 
year={2015}, 
volume={12}, 
number={1}, 
pages={34-47}, 
keywords={cloud computing;complex networks;computer network performance evaluation;file servers;pipeline processing;software defined networking;virtual machines;virtualisation;CPU scheduler;Intel DPDK library;KVM platform;NetVM;SR-IOV;commodity platforms;commodity servers;complex network functionality;context switching;data plane processing capabilities;flexible networking;high bandwidth network functions;high performance networking;high-speed interVM communication;intercore communication;multiple pipelined VMs;network functions;software defined networking;software router platforms;trust boundary;virtual machines;virtualization;virtualized networking;zero-copy delivery;Hardware;Sockets;Software;Switches;Throughput;Virtual machine monitors;Virtualization;Network function virtualization;cloud computing;software defined network}, 
doi={10.1109/TNSM.2015.2401568}, 
ISSN={1932-4537}, 
month={March},}

@misc{LinuxFoundationDPDKKit,
    title = {{DPDK - Data Plane Development Kit}},
    author = {{Linux Foundation}},
    url = {https://dpdk.org/}
}

@inproceedings{Martins:2014:CAN:2616448.2616491,
 author = {Martins, Joao and Ahmed, Mohamed and Raiciu, Costin and Olteanu, Vladimir and Honda, Michio and Bifulco, Roberto and Huici, Felipe},
 title = {ClickOS and the Art of Network Function Virtualization},
 booktitle = {Proceedings of the 11th USENIX Conference on Networked Systems Design and Implementation},
 series = {NSDI'14},
 year = {2014},
 isbn = {978-1-931971-09-6},
 location = {Seattle, WA},
 pages = {459--473},
 numpages = {15},
 url = {http://dl.acm.org/citation.cfm?id=2616448.2616491},
 acmid = {2616491},
 publisher = {USENIX Association},
 address = {Berkeley, CA, USA},
} 

@INPROCEEDINGS{5416637, 
author={Y. Dong and X. Yang and X. Li and J. Li and K. Tian and H. Guan}, 
booktitle={HPCA - 16 2010 The Sixteenth International Symposium on High-Performance Computer Architecture}, 
title={High performance network virtualization with SR-IOV}, 
year={2010}, 
volume={}, 
number={}, 
pages={1-10}, 
keywords={virtual machines;CPU overhead;CPU utilization;generic virtualization architecture;high performance network virtualization;paravirtualization;paravirtualized network driver;scale network;virtual machine monitors;Hardware;Protection;Scalability;Software performance;System performance;Throughput;Virtual machine monitors;Virtual machining;Virtual manufacturing;Voice mail;SR-IOV;Virtual Machine;Virtualization;Xen}, 
doi={10.1109/HPCA.2010.5416637}, 
ISSN={1530-0897}, 
month={Jan},}

@INPROCEEDINGS{6965141, 
author={N. Saraiva and T. Falcão and A. Macêdo and A. Soares}, 
booktitle={2014 XL Latin American Computing Conference (CLEI)}, 
title={A proposed architecture for choice of switching paradigm in hybrid optical networks (OCS/OBS)}, 
year={2014}, 
volume={}, 
number={}, 
pages={1-6}, 
keywords={IP networks;circuit switching;computer network performance evaluation;optical burst switching;optical fibre networks;telecommunication traffic;IP access networks;OpenFlow technology;hybrid optical networks;optical burst switching paradigm;optical circuit switching paradigm;performance evaluation;software defined networks;traffic flow classification;Computer architecture;IP networks;Optical fiber networks;Optical switches;Quality of service;Switching circuits;Software defined network;hybrid optical network;traffic classification}, 
doi={10.1109/CLEI.2014.6965141}, 
ISSN={}, 
month={Sept},}

@article{nfv-survey18,
  author    = {Bo Yi and
               Xingwei Wang and
               Keqin Li and
               Sajal K. Das and
               Min Huang},
  title     = {A comprehensive survey of Network Function Virtualization},
  journal   = {Computer Networks},
  volume    = {133},
  pages     = {212--262},
  year      = {2018},
  url       = {https://doi.org/10.1016/j.comnet.2018.01.021},
  doi       = {10.1016/j.comnet.2018.01.021},
  timestamp = {Thu, 08 Mar 2018 12:15:19 +0100},
  biburl    = {https://dblp.org/rec/bib/journals/cn/YiWLDH18},
  bibsource = {dblp computer science bibliography, https://dblp.org}
}

@ARTICLE{ibn, 
author={E. Rojas}, 
journal={IEEE Network}, 
title={From Software-Defined to Human-Defined Networking: Challenges and Opportunities}, 
year={2018}, 
volume={32}, 
number={1}, 
pages={179-185}, 
keywords={software defined networking;telecommunication network management;SDN architecture;human-defined networking;network operator;software-defined networking;Computer architecture;Hardware;Protocols;Scalability;Shape;Software;Writing}, 
doi={10.1109/MNET.2017.1700070}, 
ISSN={0890-8044}, 
month={Jan},}
}

@Unpublished{Galis:2018,
  Title                    = {{Perspectives on Network Slicing – Towards the New ``Bread and Butter'' of Networking and Servicing}},
  Author                   = {Alex Galis},
  Month                    = {January},
  Year                     = {2018},
  Institution              = {IEEE Softwarization},
  Url                      = {https://sdn.ieee.org/newsletter/january-2018/perspectives-on-network-slicing-towards-the-new-bread-and-butter-of-networking-and-servicing}},
  Note     = {Accessed on 2017-10-01}
}



@Unpublished{Contreras:2018,
  Title                    = {{A Network Service Provider Perspective on Network Slicing}},
  Author                   = {Luis M. Contreras and Diego R. Lopez},
  Month                    = {January},
  Year                     = {2018},
  Institution              = {IEEE Softwarization},
  Url                      = {https://sdn.ieee.org/newsletter/january-2018/a-network-service-provider-perspective-on-network-slicing}},
  Note     = {Accessed on 2017-10-01}
}


@online{3GPP:TR28801:2017,
  author = {{3GPP TR 28.801 v2.0.1}},
  title = {{Study on management and orchestration of network slicing for next generation network}},
  year = 2017,
  url = {http://www.3gpp.org/ftp/Specs/html-info/28801.htm},
  urldate = {01-12-2017}, 
  Note     = {Accessed on 2017-12-01}
}

@ARTICLE{7503119, 
author={A. S. Thyagaturu and A. Mercian and M. P. McGarry and M. Reisslein and W. Kellerer}, 
journal={IEEE Communications Surveys Tutorials}, 
title={Software Defined Optical Networks (SDONs): A Comprehensive Survey}, 
year={2016}, 
volume={18}, 
number={4}, 
pages={2738-2786}, 
keywords={optical fibre networks;quality of service;software defined networking;SDN controller;SDN-based optical networking;SDON;centralizes network control;comprehensive survey;data plane;multidomain networking;multilayer networking;network transport;optical communication components;physical network infrastructure;quality of service;software defined networking;software defined optical networks;virtual networks;Computer architecture;Control systems;Optical fiber networks;Software defined networks;Virtualization;Control layer;infrastructure layer;optical network;orchestration;software defined networking (SDN);virtual network}, 
doi={10.1109/COMST.2016.2586999}, 
ISSN={1553-877X}, 
month={Fourthquarter},}

@inproceedings{liu2011cloud,
  title={Cloud resource orchestration: A data-centric approach},
  author={Liu, Changbin and Mao, Yun and Van der Merwe, Jacobus and Fernandez, Mary},
  booktitle={Proceedings of the biennial Conference on Innovative Data Systems Research (CIDR)},
  pages={1--8},
  year={2011},
  organization={Citeseer}
}


@INPROCEEDINGS{7185168, 
author={A. Tosatto and P. Ruiu and A. Attanasio}, 
booktitle={2015 Ninth International Conference on Complex, Intelligent, and Software Intensive Systems}, 
title={Container-Based Orchestration in Cloud: State of the Art and Challenges}, 
year={2015}, 
volume={}, 
number={}, 
pages={70-75}, 
keywords={Big Data;Internet of Things;cloud computing;computer centres;resource allocation;virtual machines;virtualisation;Big Data;Internet of Things;IoT;VM;cloud computing;cloud data center;container-based orchestration;virtual machine;Cloud computing;Containers;Hardware;Kernel;Linux;Virtualization;cloud computing;containers;orchestration;system-level virtualization}, 
doi={10.1109/CISIS.2015.35}, 
ISSN={}, 
month={July},}


  @INPROCEEDINGS{7956044, 
author={M. Peuster and H. Karl}, 
booktitle={2016 Fifth European Workshop on Software-Defined Networks (EWSDN)}, 
title={Understand Your Chains: Towards Performance Profile-Based Network Service Management}, 
year={2016}, 
volume={}, 
number={}, 
pages={7-12}, 
keywords={computer network management;contracts;program diagnostics;resource allocation;virtualisation;NFV DevOps workflow;NFV management;network service management;performance profile;profiling techniques;resource allocation decisions;service level agreements;virtualized network functions;Measurement;Monitoring;Production;Resource management;Runtime;Topology;5g;benchmarking;devops;emulation;network function virtualization;network management;profiling;resource management;sdn}, 
doi={10.1109/EWSDN.2016.9}, 
ISSN={}, 
month={Oct},}

@INPROCEEDINGS{7313620, 
author={R. V. Rosa and C. E. Rothenberg and R. Szabo}, 
booktitle={2015 Fourth European Workshop on Software Defined Networks}, 
title={VBaaS: VNF Benchmark-as-a-Service}, 
year={2015}, 
volume={}, 
number={}, 
pages={79-84}, 
keywords={graph theory;monitoring;task analysis;virtualisation;VBaaS;VNF benchmark-as-a-service;VNF forwarding graphs;continuous monitoring;cost-accuracy tradeoffs;critical task subject;network function virtualization;static infrastructure resource;Bandwidth;Benchmark testing;Capacity planning;Measurement;Monitoring;Probes;benchmark;network function virtualization;virtualized network function}, 
doi={10.1109/EWSDN.2015.65}, 
ISSN={2379-0350}, 
month={Sept},}

@INPROCEEDINGS{md2, 
author={R. V. Rosa and M. A. S. Santos and C. E. Rothenberg}, 
booktitle={2015 International Conference and Workshops on Networked Systems (NetSys)}, 
title={MD2-NFV: The case for multi-domain distributed network functions virtualization}, 
year={2015}, 
volume={}, 
number={}, 
pages={1-5}, 
keywords={software defined networking;telecommunication services;virtualisation;MD2-NFV;NFV domains;VNF;advanced peering relationships;multidomain distributed network functions virtualization;virtualized network functions;Availability;Bandwidth;Fault tolerance;Fault tolerant systems;Measurement;Telecommunication standards;Virtualization}, 
doi={10.1109/NetSys.2015.7089059}, 
ISSN={}, 
month={March},}

@INPROCEEDINGS{NOn, 
author={L. C. Hoyos and C. E. Rothenberg}, 
booktitle={2016 8th IEEE Latin-American Conference on Communications (LATINCOM)}, 
title={NOn: Network function virtualization ontology towards semantic service implementation}, 
year={2016}, 
volume={}, 
number={}, 
pages={1-6}, 
keywords={ontologies (artificial intelligence);open systems;semantic Web;virtualisation;European Telecommunications Standard Institute;NFV component;NFV interface;NOn;OpenBaton testbed;OpenStack testbed;VNF data model;deployment configuration software;interoperability;manual intervention reduction;network function virtualization ontology;open source testbed;operational system;portability;semantic service implementation;virtual function network;Engines;Interoperability;Manuals;Network function virtualization;Ontologies;Semantics;Software;NFV;Network Function Virtualization;Ontology;Semantic Services}, 
doi={10.1109/LATINCOM.2016.7811570}, 
ISSN={}, 
month={Nov},}


@inproceedings{DBLP:conf/closer/CalcaterraCMT17,
  author    = {Domenico Calcaterra and
               Vincenzo Cartelli and
               Giuseppe Di Modica and
               Orazio Tomarchio},
  title     = {Combining {TOSCA} and {BPMN} to Enable Automated Cloud Service Provisioning},
  booktitle = {{CLOSER} 2017 - Proceedings of the 7th International Conference on
               Cloud Computing and Services Science, Porto, Portugal, April 24-26,
               2017.},
  pages     = {159--168},
  year      = {2017},
  crossref  = {DBLP:conf/closer/2017},
  url       = {https://doi.org/10.5220/0006304701590168},
  doi       = {10.5220/0006304701590168},
  timestamp = {Wed, 14 Jun 2017 10:12:56 +0200},
  biburl    = {https://dblp.org/rec/bib/conf/closer/CalcaterraCMT17},
  bibsource = {dblp computer science bibliography, https://dblp.org}
}

@MISC{RFC7491,
	author = {King, D. and Farrel, A.},
	title = {A PCE-Based Architecture for Application-Based Network Operations},
	month = {March},
	year = {2015},
	url = {http://tools.ietf.org/rfc/rfc7491.txt},
	note = {RFC7491}
}